@article{einstein,
  author = "Albert Einstein",
  title = "{Zur Elektrodynamik bewegter K{\"o}rper}. ({German})
  [{On} the electrodynamics of moving bodies]",
  journal = "Annalen der Physik",
  volume = "322",
  number = "10",
  pages = "891--921",
  year = "1905",
  DOI = "http://dx.doi.org/10.1002/andp.19053221004",
  keywords = "physics"
}

@book{beyond-bios,
  author = {Zimmer, Vincent and Rothman, Mike and Marisetty, Suresh},
  year = {2017},
  month = {01},
  pages = {},
  title = {Beyond BIOS: Developing with the Unified Extensible Firmware Interface, Third Edition},
  isbn = {ISBN-10: 1501514784, ISBN-13: 978-1501514784}
}

@online{intel-soc,
  title = "IntelÂ® SoC FPGAs and Programmable Devices",
  url  = "https://www.intel.com/content/www/us/en/programmable/documentation/cru1463082726154.html",
  addendum = "2020",
  keywords = "intel, SoC"
}

@online{pcisig,
  title = "Peripheral Component Interconnect Special Interest Group (PCI-SIG)",
  url  = "https://pcisig.com/",
  addendum = "2020",
  keywords = "pci-sig, pci"
}

@online{uefi-board-of-directors,
  title = "UEFI Board Of Directors",
  url  = "https://uefi.org/board",
  addendum = "2020",
  keywords = "board of directors, uefi"
}


@online{pci-config-space,
  title = "PCI Configuration Space",
  url  = "https://wiki.osdev.org/PCI#Configuration_Space",
  addendum = "2020",
  keywords = "pci, configuration space"
}

@inbook{knuth-fa,
  author = "Donald E. Knuth",
  title = "Fundamental Algorithms",
  publisher = "Addison-Wesley",
  year = "1973",
  chapter = "1.2",
  keywords  = "knuth,programming"
}